
@Article{holzapfel2000nonlinear,
author="Holzapfel, Gerhard A.",
title="Nonlinear Solid Mechanics: A Continuum Approach for Engineering Science",
journal="Meccanica",
year="2002",
month="Jul",
day="01",
volume="37",
number="4",
pages="489--490",
issn="1572-9648",
doi="10.1023/A:1020843529530",
url="https://doi.org/10.1023/A:1020843529530"
}

